<?xml version="1.0" encoding="UTF-8"?><collection xmlns="http://www.loc.gov/MARC21/slim"><record><leader>00519nam--2200181-i-4500</leader><controlfield tag="001">000024402</controlfield><controlfield tag="002">20161230</controlfield><controlfield tag="005">20161230201035</controlfield><controlfield tag="008">060222s1000------------r-----000-0-eng-d</controlfield><datafield ind1=" " ind2=" " tag="040"><subfield code="a">IFIN-HH</subfield></datafield><datafield ind1=" " ind2=" " tag="080"><subfield code="a">519.214</subfield></datafield><datafield ind1="1" ind2=" " tag="100"><subfield code="a">Gihman, I.I</subfield></datafield><datafield ind1="1" ind2="0" tag="245"><subfield code="a">Stochastic differential equations</subfield><subfield code="c">I.I. Gihman ; A.V. Skorohod</subfield></datafield><datafield ind1=" " ind2=" " tag="260"><subfield code="a">Berlin, Springer-verlag, 1972</subfield></datafield><datafield ind1=" " ind2=" " tag="300"><subfield code="a">VIII + 354P</subfield></datafield><datafield ind1=" " ind2=" " tag="490"><subfield code="a">Ergebnisse Der Mathematik Und Ihrer Grenzgebiete</subfield><subfield code="v">Band 72</subfield></datafield><datafield ind1=" " ind2=" " tag="852"><subfield code="a">75801</subfield><subfield code="c">519.2</subfield></datafield><datafield ind1=" " ind2=" " tag="CAT"><subfield code="a">Sys</subfield><subfield code="c">20100616</subfield><subfield code="h">153339</subfield></datafield></record></collection>